<collection xmlns="http://www.loc.gov/MARC21/slim">
<record>
  <leader>00980nam0a22002051i 450 </leader>
  <controlfield tag="001">IT\ICCU\CNCE\041774</controlfield>
  <controlfield tag="005">20160309000000.0</controlfield>
  <datafield tag="100" ind1=" " ind2=" ">
    <subfield code="a">19981110d1532        0itac0103    ba</subfield>
  </datafield>
  <datafield tag="101" ind1=" " ind2=" ">
    <subfield code="a">LAT</subfield>
  </datafield>
  <datafield tag="102" ind1=" " ind2=" ">
    <subfield code="a">IT</subfield>
  </datafield>
  <datafield tag="200" ind1="1" ind2=" ">
    <subfield code="a">Enchiridion Missarum solennium et votiuarium totius anni secundum morem Sancte Romane Ecclesie: in quo etiam continetur commune sanctorum et kiriale</subfield>
  </datafield>
  <datafield tag="210" ind1=" " ind2=" ">
    <subfield code="d">1532</subfield>
    <subfield code="e">In Augusta Taurinorum</subfield>
    <subfield code="g">impressa autem per Petrum Paulum Porrum chalcographum</subfield>
    <subfield code="h">XIIII kalen. Jullias 1532</subfield>
  </datafield>
  <datafield tag="215" ind1=" " ind2=" ">
    <subfield code="a">XLVIII c.</subfield>
    <subfield code="d">fol</subfield>
  </datafield>
  <datafield tag="620" ind1=" " ind2=" ">
    <subfield code="a">IT</subfield>
    <subfield code="d">Torino</subfield>
  </datafield>
  <datafield tag="712" ind1="0" ind2="0">
    <subfield code="a">Porro, Pietro Paolo</subfield>
    <subfield code="3">IT\ICCU\CNCT\000381</subfield>
    <subfield code="4">650</subfield>
  </datafield>
  <datafield tag="791" ind1="0" ind2="0">
    <subfield code="a">Porris, Petrus Paulus de</subfield>
    <subfield code="3">IT\ICCU\CNCT\002531</subfield>
    <subfield code="z">Porro, Pietro Paolo</subfield>
  </datafield>
  <datafield tag="791" ind1="0" ind2="0">
    <subfield code="a">De_Porris, Petrus Paulus</subfield>
    <subfield code="3">IT\ICCU\CNCT\002532</subfield>
    <subfield code="z">Porro, Pietro Paolo</subfield>
  </datafield>
  <datafield tag="791" ind1="0" ind2="0">
    <subfield code="a">Porrus, Petrus Paulus</subfield>
    <subfield code="3">IT\ICCU\CNCT\005473</subfield>
    <subfield code="z">Porro, Pietro Paolo</subfield>
  </datafield>
  <datafield tag="801" ind1=" " ind2="3">
    <subfield code="a">IT</subfield>
    <subfield code="b">ICCU</subfield>
    <subfield code="c">20201114</subfield>
  </datafield>
  <datafield tag="899" ind1=" " ind2=" ">
    <subfield code="a">Biblioteca musicale governativa del Conservatorio di musica S. Cecilia. Roma</subfield>
    <subfield code="1">RM0266</subfield>
    <subfield code="2">RMR SC</subfield>
  </datafield>
</record>
</collection>
